<?xml version="1.0" encoding="UTF-8"?><collection xmlns="http://www.loc.gov/MARC21/slim"><record><leader>00648nam--2200181-i-4500</leader><controlfield tag="001">000033748</controlfield><controlfield tag="002">20161230</controlfield><controlfield tag="005">20161230201039</controlfield><controlfield tag="008">060222s1000------------r-----000-0-eng-d</controlfield><datafield ind1=" " ind2=" " tag="040"><subfield code="a">IFIN-HH</subfield></datafield><datafield ind1=" " ind2=" " tag="080"><subfield code="a">539.126.34:539.178.3</subfield></datafield><datafield ind1="1" ind2=" " tag="100"><subfield code="a">Nelipa, N.F</subfield></datafield><datafield ind1="1" ind2="0" tag="245"><subfield code="a">The relation between the photo-production and the scattering of pi-mesons</subfield><subfield code="b">Translated by prasenjit basu ; edited by professor j.c. gunn</subfield><subfield code="c">Nelipa, n.f</subfield></datafield><datafield ind1=" " ind2=" " tag="260"><subfield code="a">Oxford</subfield><subfield code="b">Pergamon Press</subfield><subfield code="c">1961</subfield></datafield><datafield ind1=" " ind2=" " tag="300"><subfield code="a">IX + 98P</subfield></datafield><datafield ind1=" " ind2=" " tag="490"><subfield code="a">International Series Of Monographs On Nuclear Energy Division 2: Nuclear Physics</subfield><subfield code="v">Volume 5</subfield></datafield><datafield ind1=" " ind2=" " tag="852"><subfield code="a">17495</subfield><subfield code="c">539.12</subfield></datafield><datafield ind1=" " ind2=" " tag="CAT"><subfield code="a">Sys</subfield><subfield code="c">20111103</subfield><subfield code="h">101554</subfield></datafield></record></collection>